@inproceedings{AADFP04,
  author    = {Dana Angluin and James Aspnes and Zo{\"{e}} Diamadi and
                  Michael J. Fischer and Ren{\'{e}} Peralta},
  title     = {Computation in networks of passively mobile
                  finite-state sensors},
  booktitle = {Proc.\ $23^\text{rd}$ Annual {ACM} Symposium on
                  Principles of Distributed Computing ({PODC})},
  pages     = {290--299},
  year      = {2004},
  doi       = {10.1145/1011767.1011810}
}

@inproceedings{AAE06,
  author    = {Dana Angluin and James Aspnes and David Eisenstat},
  title     = {Stably computable predicates are semilinear},
  booktitle = {Proc.\ $25^\text{th}$ Annual {ACM} Symposium on
                  Principles of Distributed Computing ({PODC})},
  pages     = {292--299},
  year      = {2006},
  doi       = {10.1145/1146381.1146425}
}

@article{AAER07,
  author    = {Dana Angluin and James Aspnes and David Eisenstat and
                  Eric Ruppert},
  title     = {The computational power of population protocols},
  journal   = {Distributed Computing},
  volume    = {20},
  number    = {4},
  pages     = {279--304},
  year      = {2007},
  doi       = {10.1007/s00446-007-0040-2}
}

@article{AAE08a,
  author    = {Dana Angluin and James Aspnes and David Eisenstat},
  title     = {Fast computation by population protocols with a leader},
  journal   = {Distributed Computing},
  volume    = {21},
  number    = {3},
  pages     = {183--199},
  doi       = {10.1007/s00446-008-0067-z},
  year      = {2008}
}

@inproceedings{AGV15,
  author    = {Dan Alistarh and Rati Gelashvili and Milan Vojnovic},
  title     = {Fast and Exact Majority in Population Protocols},
  booktitle = {Proc.\ {ACM} {S}ymposium on {P}rinciples of
                  {D}istributed Computing ({PODC})},
  pages     = {47--56},
  publisher = {{ACM}},
  doi       = {10.1145/2767386.2767429},
  year      = {2015},
}

@inproceedings{DS15,
  author    = {David Doty and David Soloveichik},
  editor    = {Yoram Moses},
  title     = {Stable Leader Election in Population Protocols Requires
                  Linear Time},
  booktitle = {Proc.\ $29^\text{th}$ International Symposium on
                  Distributed Computing ({DISC})},
  pages     = {602--616},
  doi       = {10.1007/978-3-662-48653-5_40},
  year      = {2015}
}

@inproceedings{AAEGR17,
  author    = {Dan Alistarh and James Aspnes and David Eisenstat and
                  Rati Gelashvili and Ronald L. Rivest},
  editor    = {Philip N. Klein},
  title     = {Time-Space Trade-offs in Population Protocols},
  booktitle = {Proc.\ $28^\text{th}$ {ACM-SIAM} Symposium on Discrete
                  Algorithms ({SODA})},
  pages     = {2560--2579},
  doi       = {10.1137/1.9781611974782.169},
  year      = {2017},
}

@article{Rac78,
  author    = {Charles Rackoff},
  title     = {The Covering and Boundedness Problems for Vector
                  Addition Systems},
  journal   = {Theoretical Computer Science},
  volume    = {6},
  pages     = {223--231},
  year      = {1978},
  doi       = {10.1016/0304-3975(78)90036-1},
}

@article{MM82,
  author    = {Ernst W. Mayr and Albert R. Meyer},
  title     = {The complexity of the word problems for commutative
                  semigroups and polynomial ideals},
  journal   = {Advances in Mathematics},
  volume    = {46},
  number    = {3},
  pages     = {305--329},
  year      = {1982},
  doi       = {10.1016/0001-8708(82)90048-2}
}